@article{born1927quantentheorie,
  title={Zur quantentheorie der molekeln},
  author={Born, M. and Oppenheimer, R.},
  journal={Annalen der Physik},
  volume={389},
  number={20},
  pages={457--484},
  year={1927},
  publisher={Wiley Online Library}
}


@article{hartree,
author = {D. R. Hartree}, 
journal = {Proc. Cambridge Phil. Soc.},
year = {1928},
volume ={24},
pages = {89},
bibtex = {article}
} 
   
@article{fock,
   author = {Fock, V.},
   affiliation = {Physikalisches Institut der Universität Leningrad},
   title = {Näherungsmethode zur Lösung des quantenmechanischen Mehrkörperproblems},
   journal = {Zeitschrift für Physik A Hadrons and Nuclei},
   publisher = {Springer Berlin / Heidelberg},
   issn = {0939-7922},
   keyword = {Physics and Astronomy},
   pages = {126-148},
   volume = {61},
   issue = {1},
   url = {http://dx.doi.org/10.1007/BF01340294},
   note = {10.1007/BF01340294},
   year = {1930}
}

@article{moller1934note,
  title={Note on an approximation treatment for many-electron systems},
  author={M{\o}ller, C. and Plesset, M.S.},
  journal={Physical Review},
  volume={46},
  number={7},
  pages={618},
  year={1934},
  publisher={APS}
}

@article{roothaan1951new,
  title={New developments in molecular orbital theory},
  author={Roothaan, C.C.J.},
  journal={Reviews of modern physics},
  volume={23},
  number={2},
  pages={69},
  year={1951},
  publisher={APS}
}

@article{yasuda2008two,
  title={{Two-electron integral evaluation on the graphics processor unit}},
  author={Yasuda, K.},
  journal={Journal of Computational Chemistry},
  volume={29},
  number={3},
  pages={334--342},
  year={2008},
  publisher={John Wiley \& Sons}
}

@article{sagar1992calculation,
  title={{On the calculation of Rys polynomials and quadratures}},
  author={Sagar, R.P. and Smith Jr, V.H.},
  journal={International Journal of Quantum Chemistry},
  volume={42},
  number={4},
  pages={827--836},
  year={1992},
  publisher={John Wiley \& Sons}
}

@article{ufimtsev2008quantum,
  title={{Quantum chemistry on graphical processing units. 1. strategies for two-electron integral evaluation}},
  author={Ufimtsev, I.S. and Martinez, T.J.},
  journal={J. Chem. Theory Comput},
  volume={4},
  number={2},
  pages={222--231},
  year={2008},
  publisher={ACS Publications}
}

@article{rys_computation_1983,
   title = {Computation of electron repulsion integrals using the rys quadrature method},
   volume = {4},
   issn = {0192-8651},
   url = {http://doi.wiley.com/10.1002/jcc.540040206},
   doi = {10.1002/jcc.540040206},
   number = {2},
   journal = {Journal of Computational Chemistry},
   author = {J. Rys and M. Dupuis and H. F. King},
   year = {1983},
   pages = {154--157}
}

@article{lindh1991reduced,
  title={{The reduced multiplication scheme of the Rys quadrature and new recurrence relations for auxiliary function based two-electron integral evaluation}},
  author={Lindh, R. and Ryu, U. and Liu, B.},
  journal={The Journal of Chemical Physics},
  volume={95},
  pages={5889},
  year={1991}
}

@article{davidson_basis_1986,
	title = {Basis set selection for molecular calculations},
	volume = {86},
	issn = {0009-2665},
	url = {http://pubs.acs.org/doi/abs/10.1021/cr00074a002},
	doi = {10.1021/cr00074a002},
	number = {4},
	journal = {Chemical Reviews},
	author = {Ernest R. Davidson and David Feller},
	year = {1986},
	pages = {681--696}
}

@book{plato_concise_2003,
	address = {Providence  {R.I.}},
	title = {Concise numerical mathematics},
	isbn = {9780821829530},
	publisher = {American Mathematical Society},
	author = {Robert Plato},
	year = {2003}
}

@book{press_numerical_2002,
	address = {Cambridge  {UK} {;;New} York},
	edition = {2nd ed.},
	title = {Numerical recipes in C   : the art of scientific computing},
	isbn = {9780521750332},
	publisher = {Cambridge University Press},
	author = {William Press},
	year = {2002}
}

@misc{gmplib,
	title = {The {GNU} {MP} Bignum Library},
	url = {http://gmplib.org/},
	howpublished = {http://gmplib.org/}
}

@book{gerber_software_2006,
address = {Hillsboro  Or.},
edition = {2. ed., 1. print.},
title = {The software optimization cookbook : high-performance recipes for {IA-32} Platforms},
isbn = {9780976483212},
shorttitle = {The software optimization cookbook},
publisher = {Intel Press},
author = {Richard Gerber},
year = {2006}
}


@book{gerber_programming_2004,
address = {Hillsboro, Or. :},
title = {Programming with hyper-threading technology how to write multithreaded software for Intel {IA-32} processors},
isbn = {9780971786141},
publisher = {Intel Press,},
author = {Richard Gerber},
year = {2004}
}


@misc{cheetah,
	title = {Cheetah - The {Python-Powered} Template Engine},
	url = {http://www.cheetahtemplate.org/},
	howpublished = {http://www.cheetahtemplate.org/}
}

@manual{sage,
    Key = {Sage},
    Author = {William Stein},
    Organization = {The Sage~Group},
    Title = {{Sage}: {O}pen {S}ource {M}athematical {S}oftware ({V}ersion 2.10.2)},
    Note= {{\tt http://www.sagemath.org}},
    Year = 2008
}

  @manual{sympy,
    title = {SymPy: Python library for symbolic mathematics},
    author = {{SymPy Development Team}},
    year = {2009},
    url = {http://www.sympy.org},
  }

@book{wolfram_mathematicarbook_2003,
	address = {Champaign  {IL}  {USA}},
	edition = {5th ed.},
	title = {The {Mathematica(R)book}},
	isbn = {9781579550226},
	publisher = {Wolfram Media Inc.},
	author = {S Wolfram},
	year = {2003}
}

@article{furlani_implementation_1995,
	title = {Implementation of a parallel direct {SCF} algorithm on distributed memory computers},
	volume = {16},
	issn = {0192-8651},
	url = {http://doi.wiley.com/10.1002/jcc.540160108},
	doi = {10.1002/jcc.540160108},
	number = {1},
	journal = {Journal of Computational Chemistry},
	author = {Thomas R. Furlani and Harry F. King},
	month = jan,
	year = {1995},
	pages = {91--104}
}

@techreport{parallel_qr,
    author = {Alfredo Buttari and Julien Langou and Jakub Kurzak and Jack Dongarra},
    title = {Parallel tiled QR factorization for multicore architectures},
    institution = {},
    year = {2007}
}

@article {ishimura,
   author = {Ishimura, Kazuya and Nagase, Shigeru},
   affiliation = {Institute for Molecular Science Department of Theoretical Molecular Science Myodaiji, Okazaki Aichi 444-8585 Japan},
   title = {A new algorithm of two-electron repulsion integral calculations: a combination of Pople–Hehre and McMurchie–Davidson methods},
   journal = {Theoretical Chemistry Accounts: Theory, Computation, and Modeling (Theoretica Chimica Acta)},
   publisher = {Springer Berlin / Heidelberg},
   issn = {1432-881X},
   keyword = {Physics and Astronomy},
   pages = {185-189},
   volume = {120},
   issue = {1},
   url = {http://dx.doi.org/10.1007/s00214-007-0295-5},
   note = {10.1007/s00214-007-0295-5},
   year = {2008}
}


@misc{hondo,
	title = {HONDO},
	author = {Dupuis. M and Rys. J and King H. F.},
	howpublished = {Quantum Chemistry Program Exchange, 11, 336338},
	year = {1977}
}

@misc{gaussian,
    title = {Gaussian 70},
    author = {W. J. Hehre and W. A. Lathan and R. Ditchfield and M. D. Newton and and J. A. Pople},
    howpublished = {Quantum Chemistry Program Exchange, Program No. 237},
    year = {1970}
}

@inbook{gamess,
    address = {Amsterdam},
    author = {Gordon, M. S. and Schmidt, M. W.},
    booktitle = {Theory and Applications of Computational Chemistry: the first forty years},
    citeulike-article-id = {3013672},
    editor = {Dykstra, C. E. and Frenking, G. and Kim, K. S. and Scuseria, G. E.},
    keywords = {computational-chemistry, thesis2008},
    pages = {1167--1189},
    posted-at = {2008-07-17 07:01:22},
    priority = {2},
    publisher = {Elsevier},
    title = {{Advances in electronic structure theory: GAMESS a decade later}},
    year = {2005}
}

@article{nwchem,
  title={Parallel computational chemistry made easier: The development of NWChem},
  author={Bernholdt, DE and Apra, E. and Fr{\"u}chtl, HA and Guest, MF and Harrison, RJ and Kendall, RA and Kutteh, RA and Long, X. and Nicholas, JB and Nichols, JA and others},
  journal={International Journal of Quantum Chemistry},
  volume={56},
  number={S29},
  pages={475--483},
  year={1995},
  publisher={Wiley Online Library}
}

@article{mpqc,
  title={The massively parallel quantum chemistry program (MPQC)},
  author={Janssen, C.L. and Nielsen, I.B. and Leininger, M.L. and Valeev, E.F. and Seidl, ET},
  journal={Sandia National Laboratories, Livermore, CA, USA},
  year={2004}
}

@article{psi4,
  title={Psi4: an open-source ab initio electronic structure program},
  author={M Turney, J. and C Simmonett, A. and M Parrish, R. and G Hohenstein, E. and Evangelista, F. and Fermann, J.T. and Mintz, B.J. and Burns, L.A. and Wilke, J.J. and L Abrams, M. and others},
  journal={Wiley Interdisciplinary Reviews: Computational Molecular Science},
  year={2011},
  publisher={Wiley Online Library}
}

@article{qchem,
  title={Advances in methods and algorithms in a modern quantum chemistry program package},
  author={Shao, Y. and Molnar, L.F. and Jung, Y. and Kussmann, J. and Ochsenfeld, C. and Brown, S.T. and Gilbert, A.T.B. and Slipchenko, L.V. and Levchenko, S.V. and O’Neill, D.P. and others},
  journal={Phys. Chem. Chem. Phys.},
  volume={8},
  number={27},
  pages={3172--3191},
  year={2006},
  publisher={The Royal Society of Chemistry}
}

@article{molpro,
  title={MOLPRO, version 2006.1, a package of ab initio programs},
  author={Werner, H.J. and Knowles, PJ and Lindh, R. and Manby, FR and Sch{\"u}tz, M. and Celani, P. and Korona, T. and Rauhut, G. and Amos, RD and Bernhardsson, A. and others},
  url={See http://www. molpro. net},
  year={2006}
}

@article{lotrich2008parallel,
  title={Parallel implementation of electronic structure energy, gradient, and Hessian calculations},
  author={Lotrich, V. and Flocke, N. and Ponton, M. and Yau, AD and Perera, A. and Deumens, E. and Bartlett, RJ},
  journal={The Journal of chemical physics},
  volume={128},
  pages={194104},
  year={2008}
}

@misc{pcc,
    title = {PCC Benchmarks},
    url = {http://www.qtp.ufl.edu/PCCworkshop/PCCbenchmarks.html},
    howpublished = {http://www.qtp.ufl.edu/PCCworkshop/PCCbenchmarks.html}
}

@article{ga,
  title={Advances, applications and performance of the global arrays shared memory programming toolkit},
  author={Nieplocha, J. and Palmer, B. and Tipparaju, V. and Krishnan, M. and Trease, H. and Apr{\`a}, E.},
  journal={International Journal of High Performance Computing Applications},
  volume={20},
  number={2},
  pages={203--231},
  year={2006},
  publisher={SAGE Publications}
}


@misc{boost,
	title = {Boost C++ Libraries},
	url = {http://www.boost.org/},
	howpublished = {http://www.boost.org/}
}

@book{c,
  title={The C programming language},
  author={Kernighan, B.W. and Ritchie, D.M.},
  year={1988},
  publisher={Prentice Hall}
}

@inproceedings{fortran,
  title={The FORTRAN automatic coding system},
  author={Backus, J.W. and Beeber, R.J. and Best, S. and Goldberg, R. and Haibt, L.M. and Herrick, H.L. and Nelson, R.A. and Sayre, D. and Sheridan, P.B. and Stern, H. and others},
  booktitle={Papers presented at the February 26-28, 1957, western joint computer conference: Techniques for reliability},
  pages={188--198},
  year={1957},
  organization={ACM}
}

@book{c++,
  title={The C++ programming language},
  author={Stroustrup, B.},
  year={1997},
  publisher={Addison-Wesley Longman Publishing Co., Inc.}
}

@article{isaak1990standards,
  title={Standards-the history of Posix: a study in the standards process},
  author={Isaak, J.},
  journal={Computer},
  volume={23},
  number={7},
  pages={89--92},
  year={1990},
  publisher={IEEE}
}


@misc{boost:thread,
	title = {Boost Thread},
	url = {http://www.boost.org/doc/libs/release/doc/html/thread.html},
	howpublished = {http://www.boost.org/doc/libs/release/doc/html/thread.html}
},

@book{abrahams_c_2005,
	address = {Boston},
	title = {C   template metaprogramming : concepts, tools, and techniques from boost and beyond},
	isbn = {9780321227256},
	shorttitle = {C   template metaprogramming},
	publisher = {{Addison-Wesley}},
	author = {David Abrahams},
	year = {2005}
},

@misc{boost:enable_if,
	title = {boost::enable\_if},
	url = {http://www.boost.org/doc/libs/release/libs/utility/enable_if.html},
	howpublished = {http://www.boost.org/doc/libs/release/libs/utility/enable\_if.html}
},

@misc{boost:mpl,
	title = {{THE} {BOOST} {MPL} {LIBRARY}},
	url = {http://www.boost.org/doc/libs/release/libs/mpl/doc/index.html},
	howpublished = {http://www.boost.org/doc/libs/release/libs/mpl/doc/index.html}
}

@misc{boost:pp,
	title = {{The} {Boost} {Preprocessor}},
	url = {http://www.boost.org/doc/libs/release/libs/preprocessor/doc/index.html},
	howpublished = {http://www.boost.org/doc/libs/release/libs/preprocessor/doc/index.html}
}

@article{dupuis1987parallel,
  title={Parallel computation of molecular energy gradients on the loosely coupled array of processors (LCAP)},
  author={Dupuis, M. and Watts, JD},
  journal={Theoretical Chemistry Accounts: Theory, Computation, and Modeling (Theoretica Chimica Acta)},
  volume={71},
  number={2},
  pages={91--103},
  year={1987},
  publisher={Springer}
}

@article{watts1988parallel,
  title={Parallel computation of the Moller--Plesset second-order contribution to the electronic correlation energy},
  author={Watts, J.D. and Dupuis, M.},
  journal={Journal of computational chemistry},
  volume={9},
  number={2},
  pages={158--170},
  year={1988},
  publisher={Wiley Online Library}
}

@article{nielsen1995parallel,
  title={Parallel direct implementations of second-order perturbation theories},
  author={Nielsen, I. and Seidl, E.T.},
  journal={Journal of computational chemistry},
  volume={16},
  number={10},
  pages={1301--1313},
  year={1995},
  publisher={Wiley Online Library}
}

@article{ishimura2006new,
  title={A new parallel algorithm of MP2 energy calculations},
  author={Ishimura, K. and Pulay, P. and Nagase, S.},
  journal={Journal of computational chemistry},
  volume={27},
  number={4},
  pages={407--413},
  year={2006},
  publisher={Wiley Online Library}
}

@article{ford2007array,
  title={Array files for computational chemistry: MP2 energies},
  author={Ford, A.R. and Janowski, T. and Pulay, P.},
  journal={Journal of Computational Chemistry},
  volume={28},
  number={7},
  pages={1215--1220},
  year={2007},
  publisher={Wiley Online Library}
}

@article{fletcher1997parallel,
  title={A parallel second-order M{\o}ller-Plesset gradient},
  author={Fletcher, B.G.D. and Alistair, P.R. and Sherwood, P.},
  journal={Molecular Physics},
  volume={91},
  number={3},
  pages={431--438},
  year={1997},
  publisher={Taylor \& Francis}
}

@article{head1988mp2,
  title={MP2 energy evaluation by direct methods},
  author={Head-Gordon, M. and Pople, J.A. and Frisch, M.J.},
  journal={Chemical physics letters},
  volume={153},
  number={6},
  pages={503--506},
  year={1988},
  publisher={Elsevier}
}

@article{frisch1990semi,
  title={Semi-direct algorithms for the MP2 energy and gradient},
  author={Frisch, M.J. and Head-Gordon, M. and Pople, J.A.},
  journal={Chemical physics letters},
  volume={166},
  number={3},
  pages={281--289},
  year={1990},
  publisher={Elsevier}
}

@article{wong1996parallel,
  title={Parallel direct four-index transformations},
  author={Wong, A.T. and Harrison, R.J. and Rendell, A.P.},
  journal={Theoretical Chemistry Accounts: Theory, Computation, and Modeling (Theoretica Chimica Acta)},
  volume={93},
  number={6},
  pages={317--331},
  year={1996},
  publisher={Springer}
}

@article{schutz1997integral,
  title={An integral direct, distributed-data, parallel MP2 algorithm},
  author={Sch{\"u}tz, M. and Lindh, R.},
  journal={Theoretical Chemistry Accounts: Theory, Computation, and Modeling (Theoretica Chimica Acta)},
  volume={95},
  number={1},
  pages={13--34},
  year={1997},
  publisher={Springer}
}

@article{boys1950electronic,
  title={Electronic wave functions. I. A general method of calculation for the stationary states of any molecular system},
  author={Boys, SF},
  journal={Proceedings of the Royal Society of London. Series A. Mathematical and Physical Sciences},
  volume={200},
  number={1063},
  pages={542--554},
  year={1950},
  publisher={The Royal Society}
}

@article{pople1978computation,
  title={Computation of electron repulsion integrals involving contracted Gaussian basis functions},
  author={Pople, J.A. and Hehre, W.J.},
  journal={Journal of Computational Physics},
  volume={27},
  number={2},
  pages={161--168},
  year={1978},
  publisher={Elsevier}
}

@article{obara1986efficient,
  title={Efficient recursive computation of molecular integrals over Cartesian Gaussian functions},
  author={Obara, S. and Saika, A.},
  journal={The Journal of chemical physics},
  volume={84},
  pages={3963},
  year={1986}
}

@article{head1988method,
  title={A method for two-electron Gaussian integral and integral derivative evaluation using recurrence relations},
  author={Head-Gordon, M. and Pople, J.A.},
  journal={The Journal of chemical physics},
  volume={89},
  pages={5777},
  year={1988}
}

@article{te2001chemistry,
  title={Chemistry with ADF},
  author={Te Velde, G. and Bickelhaupt, F.M. and Baerends, E.J. and Fonseca Guerra, C. and van Gisbergen, S.J.A. and Snijders, J.G. and Ziegler, T.},
  journal={Journal of Computational Chemistry},
  volume={22},
  number={9},
  pages={931--967},
  year={2001},
  publisher={Wiley Online Library}
}

@article{pople1970molecular,
  title={Molecular orbital methods in organic chemistry},
  author={Pople, J.A.},
  journal={Accounts of Chemical Research},
  volume={3},
  number={7},
  pages={217--223},
  year={1970},
  publisher={ACS Publications}
}

@article{coester1960short,
  title={Short-range correlations in nuclear wave functions},
  author={Coester, F. and K{\"u}mmel, H.},
  journal={Nuclear Physics},
  volume={17},
  pages={477--485},
  year={1960},
  publisher={Elsevier}
}

@article{vcivzek1966correlation,
  title={On the Correlation Problem in Atomic and Molecular Systems. Calculation of Wavefunction Components in Ursell-Type Expansion Using Quantum-Field Theoretical Methods},
  author={{\v{C}}{\'\i}{\v{z}}ek, J.},
  journal={The Journal of Chemical Physics},
  volume={45},
  number={11},
  pages={4256--4266},
  year={1966},
  publisher={American Institute of Physics}
}

@article{paldus1972correlation,
  title={Correlation Problems in Atomic and Molecular Systems. IV. Extended Coupled-Pair Many-Electron Theory and Its Application to the BH\_ $\{$3$\}$ Molecule},
  author={Paldus, J. and {\v{C}}{\'\i}{\v{z}}ek, J. and Shavitt, I.},
  journal={Physical Review A},
  volume={5},
  number={1},
  pages={50},
  year={1972},
  publisher={APS}
}

@article{mukherjee1977applications,
  title={Applications of a non-perturbative many-body formalism to general open-shell atomic and molecular problems: calculation of the ground and the lowest $\pi$-$\pi$* singlet and triplet energies and the first ionization potential of trans-butadiene},
  author={Mukherjee, D. and Moitra, R.K. and Mukhopadhyay, A.},
  journal={Molecular Physics},
  volume={33},
  number={4},
  pages={955--969},
  year={1977},
  publisher={Taylor \& Francis}
}

@article{lindgren1978coupled,
  title={A coupled-cluster approach to the many-body perturbation theory for open-shell systems},
  author={Lindgren, I.},
  journal={International Journal of Quantum Chemistry},
  volume={14},
  number={S12},
  pages={33--58},
  year={1978},
  publisher={Wiley Online Library}
}

@article{scuseria1988efficient,
  title={An efficient reformulation of the closed-shell coupled cluster single and double excitation (CCSD) equations},
  author={Scuseria, G.E. and Janssen, C.L. and Schaefer, H.F.},
  journal={The Journal of Chemical Physics},
  volume={89},
  number={12},
  pages={7382--7387},
  year={1988}
}

@article{pople1977variational,
  title={Variational configuration interaction methods and comparison with perturbation theory},
  author={Pople, JA and Seeger, R. and Krishnan, R.},
  journal={International Journal of Quantum Chemistry},
  volume={12},
  number={S11},
  pages={149--163},
  year={1977},
  publisher={Wiley Online Library}
}

@article{pople1987quadratic,
  title={Quadratic configuration interaction. A general technique for determining electron correlation energies},
  author={Pople, J.A. and Head-Gordon, M. and Raghavachari, K.},
  journal={The Journal of chemical physics},
  volume={87},
  number={10},
  pages={5968--5975},
  year={1987}
}

@article{pople1992kohn,
  title={Kohn—Sham density-functional theory within a finite basis set},
  author={Pople, J.A. and Gill, P.M.W. and Johnson, B.G.},
  journal={Chemical physics letters},
  volume={199},
  number={6},
  pages={557--560},
  year={1992},
  publisher={Elsevier}
}


@article{purvis1982full,
  title={A full coupled-cluster singles and doubles model: The inclusion of disconnected triples},
  author={Purvis III, G.D. and Bartlett, R.J.},
  journal={The Journal of Chemical Physics},
  volume={76},
  pages={1910},
  year={1982}
}

@article{raghavachari1989fifth,
  title={A fifth-order perturbation comparison of electron correlation theories},
  author={Raghavachari, K. and Trucks, G.W. and Pople, J.A. and Head-Gordon, M.},
  journal={Chemical Physics Letters},
  volume={157},
  number={6},
  pages={479--483},
  year={1989},
  publisher={Elsevier}
}

@book{yarkony1995modern,
  title={Modern Electronic Structure Theory},
  author={Yarkony, D.},
  number={pt. 2},
  isbn={9789810229887},
  lccn={94043385},
  series={Advanced Series in Physical Chemistry},
  url={http://books.google.com/books?id=Gt4pnp-UFhUC},
  year={1995},
  publisher={World Scientific}
}

@article{piecuch1999coupled,
  title={Coupled-cluster methods with internal and semi-internal triply and quadruply excited clusters: CCSDt and CCSDtq approaches},
  author={Piecuch, P. and Kucharski, S.A. and Bartlett, R.J.},
  journal={The Journal of chemical physics},
  volume={110},
  pages={6103},
  year={1999}
}

@article{piecuch2002efficient,
  title={Efficient computer implementation of the renormalized coupled-cluster methods: The r-ccsd [t], r-ccsd (t), cr-ccsd [t], and cr-ccsd (t) approaches},
  author={Piecuch, P. and Kucharski, S.A. and Kowalski, K. and Musia{\l}, M.},
  journal={Computer Physics Communications},
  volume={149},
  number={2},
  pages={71--96},
  year={2002},
  publisher={Elsevier}
}

@article{janowski2007parallel,
  title={Parallel calculation of coupled cluster singles and doubles wave functions using array files},
  author={Janowski, T. and Ford, A.R. and Pulay, P.},
  journal={Journal of Chemical Theory and Computation},
  volume={3},
  number={4},
  pages={1368--1377},
  year={2007},
  publisher={ACS Publications}
}

@inproceedings{ddi,
  title={Enabling the efficient use of SMP clusters: the GAMESS/DDI model},
  author={Olson, R.M. and Schmidt, M.W. and Gordon, M.S. and Rendell, A.P.},
  booktitle={Proceedings of the 2003 ACM/IEEE conference on Supercomputing},
  pages={41},
  year={2003},
  organization={ACM}
}

@article{olson2007novel,
  title={A Novel Approach to Parallel Coupled Cluster Calculations: Combining Distributed and Shared Memory Techniques for Modern Cluster Based Systems},
  author={Olson, R.M. and Bentz, J.L. and Kendall, R.A. and Schmidt, M.W. and Gordon, M.S.},
  journal={Journal of Chemical Theory and Computation},
  volume={3},
  number={4},
  pages={1312--1328},
  year={2007},
  publisher={ACS Publications}
}

@article{scuseria1986accelerating,
  title={Accelerating the convergence of the coupled-cluster approach: The use of the DIIS method},
  author={Scuseria, G.E. and Lee, T.J. and Schaefer, H.F.},
  journal={Chemical physics letters},
  volume={130},
  number={3},
  pages={236--239},
  year={1986},
  publisher={Elsevier}
}

@book{szabo1996modern,
  title={Modern Quantum Chemistry: Introduction to Advanced Electronic Structure Theory},
  author={Szabo, A. and Ostlund, N.S.},
  isbn={9780486691862},
  lccn={lc96010775},
  series={Dover Books on Chemistry Series},
  url={http://books.google.com/books?id=6mV9gYzEkgIC},
  year={1996},
  publisher={Dover Publications}
}

@book{shavitt2009many,
  title={Many-Body Methods in Chemistry and Physics: MBPT and Coupled-Cluster Theory},
  author={Shavitt, I. and Bartlett, R.J.},
  isbn={9780521818322},
  lccn={2009517972},
  series={Cambridge Molecular Science},
  url={http://books.google.com/books?id=gU1eHAAACAAJ},
  year={2009},
  publisher={Cambridge University Press}
}

@techreport{lapack,
  title={LAPACK usersguide: Release 1.0},
  author={Anderson, E. and Bai, Z. and Bischof, C. and Demmel, J. and Dongarra, J. and Du Croz, J. and Greenbaum, A. and Hammarling, S. and McKenney, A. and Ostrouchov, S. and others},
  year={1992},
  institution={Argonne National Lab., IL (United States)}
}

@book{patterson1988case,
  title={A case for redundant arrays of inexpensive disks (RAID)},
  author={Patterson, D.A. and Gibson, G. and Katz, R.H.},
  volume={17},
  number={3},
  year={1988},
  publisher={ACM}
}



@misc{pvfs,
    title = {{Parallel Virtual File System, Version 2}},
    url = {http://pvfs.org/},
    howpublished = {http://pvfs.org/}
}

@misc{hdf5,
    title = {{The HDF Group. Hierarchical data format, Version 5}},
    url = {http://www.hdfgroup.org/HDF5},
    howpublished = {http://www.hdfgroup.org/HDF5}
}

@misc{netcdf,
    title = {{Network Common Data Form}},
    url = {http://www.unidata.ucar.edu/software/netcdf/},
    howpublished = {http://www.unidata.ucar.edu/software/netcdf/}
}

@misc{lustre,
    title = {{Lustre}},
    url = {http://lustre.org/},
    howpublished = {http://lustre.org/}
}

@misc{python,
    title = {Python},
    url = {http://python.org/},
    howpublished = {http://python.org/}
}

@article{heinecke2012gpgpu,
  title={From GPGPU to Many-Core: Nvidia Fermi and Intel Many Integrated Core Architecture},
  author={Heinecke, A. and Klemm, M. and Bungartz, H.},
  journal={Computing in Science \& Engineering},
  volume={14},
  number={2},
  pages={78--83},
  year={2012},
  publisher={IEEE}
}

@article{nath2011accelerating,
  title={Accelerating GPU kernels for dense linear algebra},
  author={Nath, R. and Tomov, S. and Dongarra, J.},
  journal={High Performance Computing for Computational Science--VECPAR 2010},
  pages={83--92},
  year={2011},
  publisher={Springer}
}

@article{nyt92,
  title={Cold War's End Hits Cray Computer},
  journal={New York Times},
  year={1992},
  url={http://www.nytimes.com/1992/02/21/business/cold-war-s-end-hits-cray-computer.html}
}

@article{nyt94,
  title={In Supercomputers, Bigger and Faster Means Trouble},
  journal={New York Times},
  year={1994},
  url={http://www.nytimes.com/1994/08/07/business/in-supercomputers-bigger-and-faster-means-trouble.html}
}

@article{asadchev2010uncontracted,
  title={Uncontracted Rys quadrature implementation of up to g functions on graphical processing units},
  author={Asadchev, A. and Allada, V. and Felder, J. and Bode, B.M. and Gordon, M.S. and Windus, T.L.},
  journal={Journal of Chemical Theory and Computation},
  volume={6},
  number={3},
  pages={696--704},
  year={2010},
  publisher={ACS Publications}
}